1954 3231
664 733 1070 793 PRAEFATIO.

229 1048 287 1086 De
321 1051 483 1086 auctore
516 1047 634 1085 huius
667 1049 796 1098 operis
831 1051 988 1098 praeter
1014 1060 1169 1096 nomen,
1191 1049 1282 1085 Abu
1301 1049 1500 1086 Abdallah
1519 1052 1601 1088 Mo-

156 1121 340 1158 hammed
378 1120 446 1157 ibn
480 1120 635 1157 Ahmed
668 1121 735 1158 ibn
768 1121 889 1159 Jusof
918 1120 1086 1158 al-kfitib
1119 1121 1468 1171 al-Khowarezmi,
1499 1123 1602 1160 nihil

155 1194 269 1231 nobis
304 1200 442 1231 notum
475 1196 545 1231 est.
580 1193 654 1229 Ibn
690 1194 907 1230 Khalliksm
942 1194 1040 1242 (XI)
1075 1195 1140 1241 22)
1175 1197 1215 1231 et
1246 1195 1413 1244 Maqrizi
1441 1196 1602 1242 (Khe'tat

155 1266 196 1316 I,
232 1267 327 1315 258,
351 1267 373 1303 4
395 1278 427 1303 a.
451 1266 494 1315 f.)
527 1266 676 1303 habent
708 1266 957 1304 Mohammed
990 1266 1058 1303 ibn
1088 1267 1243 1304 Ahmed
1262 1267 1330 1304 ibn
1351 1268 1600 1306 Mohammed

154 1339 222 1376 ibn
256 1339 377 1377 Jfisof
407 1343 446 1377 et
467 1339 632 1388 Maqrizi
654 1351 724 1388 pro
745 1339 1081 1377 al-Khowarezmi
1102 1339 1223 1376 habet
1244 1339 1456 1377 al-BalkhiJ
1480 1342 1599 1379 Prae-

157 1414 267 1449 terea
306 1424 329 1448 a
368 1411 516 1461 Haddji
554 1411 720 1448 Khalifa
758 1411 852 1461 (VI,
893 1414 931 1461 4)
967 1412 1070 1449 liber
1107 1412 1276 1449 Mafatih
1313 1413 1460 1450 citatur
1499 1416 1539 1451 et
1576 1427 1599 1452 a

157 1484 371 1522 Mirkhond
408 1485 449 1521 in
488 1485 668 1522 Historia
705 1497 846 1534 regum
885 1485 1139 1534 antiquorum
1172 1498 1400 1535 persarum3
1431 1486 1480 1523 cf.
1514 1500 1599 1524 ver-

156 1557 306 1595 sionem
354 1557 552 1606 anglicam
601 1560 704 1596 auct.
752 1558 800 1595 D.
841 1557 944 1595 Shea
990 1570 1025 1607 p.
1066 1559 1155 1595 243.
1205 1558 1371 1607 Maqrizi
1409 1559 1507 1596 dicit
1543 1560 1597 1598 1.l.

154 1630 330 1678 Mafdtzh
352 1630 515 1668 aZ-omm
537 1642 622 1668 esse
641 1631 788 1667 librum
809 1630 945 1679 magni
967 1631 1152 1680 ponderis
1174 1627 1306 1693 (JXQH
1328 1628 1447 1680 M>
1467 1629 1597 1682 dabis)

154 1706 193 1741 et
225 1716 246 1740 e
278 1716 440 1741 numero
474 1703 654 1741 codicum
685 1703 812 1740 adhuc
835 1703 1096 1741 existentium
1118 1706 1169 1752 (v.
1191 1704 1311 1752 infra)
1333 1703 1488 1742 efficere
1508 1717 1598 1755 pos-

154 1788 287 1814 sumus
321 1776 613 1814 Khowarezmii
648 1788 744 1826 opus
776 1776 818 1813 in
852 1777 1005 1814 oriente
1038 1778 1133 1814 satis
1164 1777 1369 1826 vulgatum
1406 1777 1541 1816 fuisse.

225 1849 274 1887 In
307 1848 498 1898 Catalogo
531 1849 657 1886 Musei
688 1849 930 1886 Brittannici
950 1862 986 1899 p.
1009 1850 1097 1900 640,
1117 1861 1208 1887 ann.
1229 1849 1288 1888 ol.
1311 1850 1415 1887 Rieu
1435 1850 1597 1887 coniicit

153 1924 357 1959 auctorem
393 1924 573 1959 nostrum
617 1925 656 1959 et
694 1922 787 1959 Abu
825 1921 931 1959 Bekr
969 1922 1219 1960 Mohammed
1258 1923 1328 1960 ibn
1372 1923 1501 1960 Abbfis
1540 1924 1596 1960 al-

153 1994 431 2032 Khowarezmi
462 1994 575 2031 illum
608 1994 654 2031 de
689 2006 765 2044 quo
798 1995 846 2032 cf.
880 1995 958 2031 Ibn
989 1995 1209 2032 Khallikfm
1237 1989 1298 2035 ΠΟ.
1319 1997 1406 2044 675,
1427 1995 1597 2033 Jatimat

153 2068 327 2105 ad-dahr
347 2067 424 2116 (ed.
441 2067 585 2117 Bulaq)
609 2067 680 2116 IV,
698 2068 770 2104 114
791 2080 871 2117 seq.
889 2070 962 2105 etc.
982 2081 1105 2105 unum
1123 2071 1241 2118 atque
1262 2068 1430 2106 eundem
1452 2068 1594 2117 fuisse3

153 2140 222 2177 sed
253 2152 330 2189 ego
364 2127 569 2178 consentio
602 2152 690 2177 cum
725 2140 943 2178 editoribus
974 2141 1059 2178 Cat.
1092 2141 1300 2179 Leidensis
1321 2141 1421 2189 (Cat.
1443 2137 1482 2179 I2
1503 2155 1538 2191 p.
1556 2143 1595 2189 3)

156 2213 539 2262 »patronymicorum
579 2213 887 2262 discrepantiam
922 2213 1042 2251 talem
1081 2226 1166 2252 esse
1204 2217 1249 2251 ut
1286 2214 1384 2251 haec
1423 2215 1594 2264 suspicio

153 2285 223 2323 vix
259 2286 415 2322 admitti
453 2285 578 2336 possit
615 2289 656 2323 et
686 2286 816 2323 minus
839 2276 970 2323 'etiam
1002 2299 1123 2337 quum
1155 2299 1352 2336 nusquam
1382 2287 1475 2324 huic
1507 2287 1593 2325 viro

152 2358 232 2395 tale
264 2371 361 2408 opus
393 2358 679 2396 adscribatur.'‘

225 2431 354 2481 Magis
385 2434 502 2469 notus
535 2443 652 2481 quam
684 2431 769 2481 ipse
801 2434 938 2469 auctor
970 2431 1038 2469 ille
1073 2432 1132 2469 vir
1166 2434 1226 2469 est
1255 2432 1339 2481 cui,
1360 2434 1462 2470 teste
1482 2445 1594 2482 prae-

153 2503 322 2553 fatione,
355 2517 452 2554 opus
485 2504 710 2541 dedicatum
744 2506 824 2553 est,
847 2504 932 2541 scil.
958 2504 1233 2542 Abu'l-Hasan
1261 2505 1499 2542 Obaidallah
1524 2505 1593 2542 ibn

153 2576 310 2613 Ahmed
337 2576 490 2614 al-Otbi
519 2577 587 2626 qui
607 2576 760 2614 vezirus
787 2580 872 2614 erat
892 2577 1191 2614 Samanidarum
1213 2578 1402 2627 principis
1421 2577 1515 2614 Nfih
1534 2578 1590 2615 II.

151 2649 211 2686 De
248 2648 323 2686 hoc
362 2649 446 2686 viro
478 2652 559 2686 tam
591 2648 804 2687 Mirkhond
834 2649 876 2685 in
908 2650 1088 2687 Historia
1121 2650 1444 2699 Samanidarum,
1473 2651 1591 2700 quam

153 2721 336 2758 Tha-alibi
372 2722 414 2758 in
448 2721 600 2759 Jatima
632 2722 780 2771 aliique
812 2722 1042 2772 saepissime
1074 2724 1315 2760 mentionem
1347 2723 1519 2771 faciunt3
1552 2735 1589 2760 v.
