1935 3240
303 128 327 165 4
906 135 1142 162 PRAEFATIO.

304 241 388 280 Cat.
420 240 531 278 Leid.
563 239 633 288 1.l.‚
666 239 837 277 Jatimat
866 239 1042 276 aci-daht-
1073 237 1145 286 IV,
1179 238 1227 274 66
1259 249 1338 286 seq.
1373 237 1436 286 84,
1468 237 1639 285 87,126,
1664 236 1749 272 162.

304 314 590 364 Biographiam
623 312 707 349 eius
734 312 912 349 continet
931 311 1032 348 liber
1055 311 1209 348 Dastzir
1228 311 1285 348 al·
1298 310 1465 347 Wozard
1485 311 1588 346 auct..
1612 309 1750 346 Khon-

306 387 432 425 demir
471 386 566 436 (MS.
601 386 702 423 Mus.
734 385 853 422 Britt.
886 386 961 422 234
994 383 1061 421 fol.
1096 385 1143 420 57
1178 385 1276 433 seq.)
1309 386 1353 420 ut
1384 393 1539 419 mecum
1575 393 1749 419 commu-

305 459 457 499 nicavit
498 460 539 497 V.
572 459 695 496 Doct—
720 458 767 495 A.
803 457 849 495 e.
883 457 997 495 nnis.
1171 442 1193 453 ⁴

379 533 443 570 Ex
480 532 555 569 hac
595 531 845 568 dedicatione
888 534 1042 580 tempus
1086 542 1162 579 quo
1200 529 1302 566 liber
1339 529 1545 567 confectus
1585 531 1644 566 est
1682 526 1754 565 ali-

308 609 504 657 quatenus
544 607 650 642 certe
690 603 855 641 definire
887 615 1109 654 possumus.
1140 602 1242 640 Nam
1274 602 1369 640 Nfih
1406 603 1449 639 ΙΙ
1488 601 1674 651 regnavit
1705 600 1754 637 ab

309 692 412 717 anno
446 679 496 716 H.
531 678 605 715 365
635 689 761 726 usque
791 676 840 714 ad
861 688 1008 713 annum
1032 677 1119 713 387.
1141 675 1239 713 Cum
1259 674 1334 713 hoc
1355 675 1524 725 quadrat
1544 674 1650 724 quod
1668 686 1757 724 pos-

309 756 458 790 tremus
496 750 649 787 khalifa
689 750 737 787 de
771 762 848 799 quo
881 751 920 786 in
953 749 1057 786 libro
1092 749 1267 796 Mafdmz
1303 749 1453 786 mentio
1486 748 1665 785 iniicitur
1698 748 1759 784 est

311 825 441 863 al-Tai
480 836 597 873 quem
634 835 824 873 regnasse
866 826 1023 861 constat
1055 822 1162 859 inter
1194 833 1318 859 annos
1352 823 1426 858 363
1461 825 1500 858 et
1533 822 1621 859 381.
1653 820 1759 857 Hinc

312 897 570 947 consequitur
602 896 748 934 librum
778 896 1048 945 conscriptum
1078 908 1164 933 esse
1186 895 1290 932 inter
1311 907 1435 932 annos
1457 895 1532 931 365
1553 897 1592 931 et
1613 895 1686 930 381
1707 892 1758 930 H.

311 972 397 1009 Hoc
437 974 593 1007 tantum
630 970 774 1007 mirum
812 968 941 1007 videri
981 972 1111 1019 potest
1149 968 1254 1018 quod
1294 980 1330 1017 p.
1367 963 1415 1004 ΝΩ
1452 967 1624 1017 legimus
1657 965 1761 1004 Con-

312 1044 530 1083 stantinum
574 1042 721 1081 Leonis
765 1042 891 1080 filium
933 1042 1026 1079 inde
1071 1042 1119 1079 ab
1168 1053 1272 1078 anno
1313 1041 1386 1078 301
1425 1040 1476 1078 H.
1515 1039 1759 1077 Graecorum

312 1119 591 1168 imperatorem
624 1129 723 1167 esse,
744 1116 850 1153 unde
877 1115 1022 1153 efficias
1042 1115 1148 1152 hunc
1168 1115 1447 1164 imperatorem
1469 1112 1597 1150 adhuc
1616 1123 1761 1161 regna-

313 1191 417 1228 visse
457 1203 502 1228 eo
542 1193 720 1240 tempore
759 1201 836 1239 quo
873 1189 976 1226 liber
1013 1189 1184 1238 scriptus
1224 1195 1305 1235 est3
1344 1190 1385 1223 at
1421 1187 1486 1223 hic
1525 1186 1761 1235 imperator,

315 1264 550 1314 designatur
580 1263 768 1300 nimirum
801 1261 1090 1301 Constantinus
1121 1260 1516 1311 Porphyrogenitus,
1547 1259 1627 1296 iam
1655 1270 1691 1295 a.
1710 1257 1763 1295 H.

317 1339 392 1376 348
427 1337 519 1385 (959
540 1348 577 1386 p.
601 1336 708 1385 Chr.)
745 1336 827 1373 sato
859 1336 1019 1373 functus
1052 1339 1148 1373 erat.
1184 1335 1233 1372 In
1260 1336 1444 1384 promptu
1463 1332 1590 1382 igitur
1610 1330 1767 1369 coniec-

318 1413 409 1448 tura
453 1413 513 1447 est
555 1422 701 1447 nomen
746 1408 830 1446 eius
875 1409 944 1459 qui
984 1408 1246 1446 Constantino
1284 1408 1551 1455 successerat,
1584 1403 1769 1454 scriptori

317 1483 494 1522 nondum
530 1486 669 1520 notum
710 1482 852 1529 fuisse,
894 1482 1006 1519 cuius
1045 1480 1312 1531 ignorationis
1349 1480 1449 1516 haec
1488 1479 1611 1516 fuisse
1651 1488 1770 1514 causa

316 1560 469 1607 potest,
508 1556 614 1606 quod
655 1555 956 1593 Samanidarum
990 1567 1160 1605 regnum
1194 1567 1215 1591 a
1250 1554 1493 1592 Graecorum
1525 1563 1651 1601 regno
1683 1551 1769 1589 erat

313 1629 632 1669 remotissimum.

389 1703 552 1742 Scribae
583 1702 766 1753 publicae
797 1714 961 1739 munere
990 1701 1243 1752 scriptorem,
1267 1700 1446 1751 quisquis
1467 1699 1564 1748 fuit,
1586 1686 1767 1735 functum

317 1789 403 1815 esse
437 1779 477 1814 et
509 1788 530 1814 e
562 1777 722 1814 nomine
757 1771 937 1826 (ῴὶῼὶ)
972 1778 1011 1812 et
1042 1774 1135 1811 hinc
1170 1776 1334 1825 apparet
1365 1773 1471 1824 quod
1502 1772 1550 1810 de
1585 1771 1766 1809 omnibus

316 1850 367 1887 iis
399 1861 501 1899 quae
533 1849 583 1887 ad
614 1862 697 1887 rem
729 1848 928 1899 publicam
960 1848 1315 1886 administrandam
1340 1847 1562 1897 pertinent,
1591 1847 1673 1883 tam
1703 1856 1767 1882 co-

317 1923 428 1973 piose
460 1923 567 1972 agit,
599 1922 641 1959 in
674 1922 802 1971 hisce,
835 1922 877 1958 ni
910 1921 1040 1971 fallor,
1070 1921 1173 1958 liber
1207 1924 1266 1959 est
1298 1919 1619 1971 pretiosissimus.
1659 1917 1770 1956 Kho-

318 1995 544 2033 rasanicum
593 2008 634 2033 se
685 2007 771 2033 esse
824 1995 994 2045 scriptor
1040 1994 1215 2032 ostendit
1263 2006 1468 2032 mensuras
1513 1996 1552 2030 et
1595 1992 1773 2042 pondera.

319 2069 595 2107 Khorasanica
627 2080 885 2117 enumerans,
918 2080 1111 2118 aquarum
1131 2067 1453 2105 distributionem
1473 2065 1650 2115 regionis
1671 2066 1772 2104 Mer-

320 2143 464 2180 wensis
509 2154 710 2179 enarrans.
757 2141 939 2191 Linguae
983 2141 1170 2179 Persicae
1213 2141 1364 2191 peritus
1410 2142 1490 2188 est,
1533 2138 1582 2176 cf.
1628 2150 1664 2188 p.
1708 2137 1774 2187 m,

322 2217 393 2264 23;
441 2215 614 2253 feliciter
658 2214 854 2253 voeabula
899 2215 1059 2252 arabica
1104 2226 1125 2251 e
1168 2214 1310 2264 lingua
1359 2213 1523 2251 Persica
1569 2212 1777 2262 desumpta

322 2288 372 2326 ad
411 2288 609 2337 originem
648 2300 760 2325 suam
799 2288 993 2337 persicam
1031 2287 1174 2336 refert3
1212 2288 1364 2338 inspice
1404 2287 1523 2324 etiam
1562 2296 1664 2336 quae
1698 2285 1776 2323 dis-

322 2364 438 2412 putat
477 2361 647 2411 scriptor
686 2361 734 2399 de
767 2373 864 2399 voce
895 2357 1060 2410 alxi-9
1093 2373 1181 2398 cum
1215 2361 1291 2398 Ibn
1320 2358 1614 2398 Dorostowaihi
1646 2371 1683 2408 p.
1718 2358 1774 2396 ΗἹ.

324 2435 557 2472 Plantarum
591 2434 1003 2485 pharmaceuticarum
1035 2435 1240 2472 nominum
1272 2433 1492 2472 identidem
1522 2432 1678 2482 persica
1710 2443 1774 2480 sy-

324 2519 501 2557 nonyma
543 2507 706 2557 profert.
745 2508 887 2557 Neque
922 2508 1104 2557 linguam
1144 2509 1337 2546 Graecam
1371 2510 1411 2544 et
1448 2505 1652 2555 Syriacam
1685 2515 1775 2543 eum

325 2593 486 2631 prorsus
518 2581 769 2630 ignoravisse
802 2581 836 2618 si
867 2593 947 2618 non
980 2584 1160 2630 constat,
1195 2585 1328 2619 tamen
1361 2579 1578 2617 verisimile
1611 2581 1692 2628 est,
1725 2578 1773 2615 cf.

324 2667 362 2704 p.
397 2656 471 2703 lvo,
505 2653 600 2702 Υῖῆψς
636 2651 708 2703 ⁸5²„
744 2651 810 2703 81⁹5,
844 2656 911 2703 lm,
946 2655 988 2704 5,
1027 2654 1097 2704 W,
1129 2655 1166 2691 4.
1205 2655 1281 2692 Hic
1321 2653 1403 2692 illic
1435 2663 1553 2690 voces
1585 2664 1606 2690 e
1633 2650 1775 2703 lingua

326 2725 460 2764 indica
493 2726 667 2776 derivat;
701 2739 737 2778 p.
775 2729 847 2776 ῐνἹ,
881 2727 947 2766 tri.
