<?xml version="1.0" encoding="UTF-8"?>
<!DOCTYPE html PUBLIC "-//W3C//DTD XHTML 1.0 Transitional//EN"
    "http://www.w3.org/TR/xhtml1/DTD/xhtml1-transitional.dtd">
<html xmlns="http://www.w3.org/1999/xhtml" xml:lang="en" lang="en">
 <head>
  <title>
</title>
<meta http-equiv="Content-Type" content="text/html;charset=utf-8" />
  <meta name='ocr-system' content='tesseract 3.04.00' />
  <meta name='ocr-capabilities' content='ocr_page ocr_carea ocr_par ocr_line ocrx_word'/>
</head>
<body>
  <div class='ocr_page' id='page_1' title='image "./libermafthal00khuwuoft_0011.png"; bbox 0 0 1935 3240; ppageno 0'>
   <div class='ocr_carea' id='block_1_1' title="bbox 707 143 1542 183">
    <p class='ocr_par' dir='ltr' id='par_1_1' title="bbox 707 143 1542 183">
     <span class='ocr_line' id='line_1_1' title="bbox 707 143 1542 183; baseline -0.002 -1"><span class='ocrx_word' id='word_1_1' title='bbox 707 157 940 183; x_wconf 70' lang='lat' dir='ltr'>PRAnrArm.</span> <span class='ocrx_word' id='word_1_2' title='bbox 1519 143 1542 180; x_wconf 85' lang='lat'>5</span> 
     </span>
    </p>
   </div>
   <div class='ocr_carea' id='block_1_2' title="bbox 103 256 1544 598">
    <p class='ocr_par' dir='ltr' id='par_1_2' title="bbox 103 256 1544 598">
     <span class='ocr_line' id='line_1_2' title="bbox 175 256 1541 309; baseline -0.002 -13"><span class='ocrx_word' id='word_1_3' title='bbox 175 260 323 297; x_wconf 80' lang='lat' dir='ltr'><strong>Fontes</strong></span> <span class='ocrx_word' id='word_1_4' title='bbox 373 271 464 296; x_wconf 91' lang='lat' dir='ltr'>suos</span> <span class='ocrx_word' id='word_1_5' title='bbox 502 271 662 309; x_wconf 84' lang='lat' dir='ltr'>perraro</span> <span class='ocrx_word' id='word_1_6' title='bbox 706 259 896 296; x_wconf 85' lang='lat' dir='ltr'>nominat.</span> <span class='ocrx_word' id='word_1_7' title='bbox 939 257 1277 306; x_wconf 83' lang='lat' dir='ltr'>Frequentissime</span> <span class='ocrx_word' id='word_1_8' title='bbox 1316 256 1541 305; x_wconf 79' lang='lat' dir='ltr'>(tredecies)</span> 
     </span>
     <span class='ocr_line' id='line_1_3' title="bbox 105 329 1541 377; baseline -0.003 -8"><span class='ocrx_word' id='word_1_9' title='bbox 105 331 278 369; x_wconf 84' lang='lat' dir='ltr'>occurrit</span> <span class='ocrx_word' id='word_1_10' title='bbox 326 343 469 369; x_wconf 89' lang='lat' dir='ltr'>nomen</span> <span class='ocrx_word' id='word_1_11' title='bbox 518 332 656 369; x_wconf 82' lang='lat' dir='ltr'>Khalil</span> <span class='ocrx_word' id='word_1_12' title='bbox 700 331 768 368; x_wconf 92' lang='lat' dir='ltr'>ibn</span> <span class='ocrx_word' id='word_1_13' title='bbox 807 330 962 368; x_wconf 88' lang='lat' dir='ltr'>Ahmed</span> <span class='ocrx_word' id='word_1_14' title='bbox 1001 329 1066 377; x_wconf 87' lang='lat' dir='ltr'>(cf.</span> <span class='ocrx_word' id='word_1_15' title='bbox 1105 329 1276 366; x_wconf 89' lang='lat' dir='ltr'>indicem</span> <span class='ocrx_word' id='word_1_16' title='bbox 1315 329 1340 367; x_wconf 93' lang='lat' dir='ltr'>i.</span> <span class='ocrx_word' id='word_1_17' title='bbox 1376 330 1425 376; x_wconf 87' lang='lat' dir='ltr'>v.)</span> <span class='ocrx_word' id='word_1_18' title='bbox 1465 341 1541 377; x_wconf 95' lang='lat' dir='ltr'>quo</span> 
     </span>
     <span class='ocr_line' id='line_1_4' title="bbox 103 401 1543 450; baseline -0.003 -8"><span class='ocrx_word' id='word_1_19' title='bbox 103 407 265 442; x_wconf 85' lang='lat' dir='ltr'>auctore</span> <span class='ocrx_word' id='word_1_20' title='bbox 303 404 422 441; x_wconf 86' lang='lat' dir='ltr'>etiam</span> <span class='ocrx_word' id='word_1_21' title='bbox 459 404 595 440; x_wconf 87' lang='lat' dir='ltr'>multis</span> <span class='ocrx_word' id='word_1_22' title='bbox 633 404 722 440; x_wconf 87' lang='lat' dir='ltr'>aliis</span> <span class='ocrx_word' id='word_1_23' title='bbox 757 403 854 440; x_wconf 87' lang='lat' dir='ltr'>locis</span> <span class='ocrx_word' id='word_1_24' title='bbox 894 403 961 440; x_wconf 92' lang='lat' dir='ltr'>ubi</span> <span class='ocrx_word' id='word_1_25' title='bbox 1000 415 1079 439; x_wconf 90' lang='lat' dir='ltr'>non</span> <span class='ocrx_word' id='word_1_26' title='bbox 1116 402 1276 438; x_wconf 88' lang='lat' dir='ltr'>nomine</span> <span class='ocrx_word' id='word_1_27' title='bbox 1311 401 1543 450; x_wconf 85' lang='lat' dir='ltr'>designatur</span> 
     </span>
     <span class='ocr_line' id='line_1_5' title="bbox 104 473 1542 526; baseline -0.003 -12"><span class='ocrx_word' id='word_1_28' title='bbox 104 489 193 515; x_wconf 89' lang='lat' dir='ltr'>eum</span> <span class='ocrx_word' id='word_1_29' title='bbox 227 489 340 513; x_wconf 89' lang='lat' dir='ltr'>usum</span> <span class='ocrx_word' id='word_1_30' title='bbox 372 488 457 513; x_wconf 89' lang='lat' dir='ltr'>esse</span> <span class='ocrx_word' id='word_1_31' title='bbox 489 476 682 526; x_wconf 86' lang='lat' dir='ltr'>suspicari</span> <span class='ocrx_word' id='word_1_32' title='bbox 714 477 819 514; x_wconf 88' lang='lat' dir='ltr'>licet.</span> <span class='ocrx_word' id='word_1_33' title='bbox 854 474 982 512; x_wconf 87' lang='lat' dir='ltr'>Semel</span> <span class='ocrx_word' id='word_1_34' title='bbox 1012 475 1267 512; x_wconf 76' lang='lat' dir='ltr'><strong>nominantur</strong></span> <span class='ocrx_word' id='word_1_35' title='bbox 1296 473 1370 510; x_wconf 90' lang='lat' dir='ltr'>Ibn</span> <span class='ocrx_word' id='word_1_36' title='bbox 1399 474 1542 510; x_wconf 91' lang='lat' dir='ltr'>Doros-</span> 
     </span>
     <span class='ocr_line' id='line_1_6' title="bbox 104 543 1544 598; baseline -0.003 -12"><span class='ocrx_word' id='word_1_37' title='bbox 104 549 266 586; x_wconf 85' lang='lat' dir='ltr'>tawaihi</span> <span class='ocrx_word' id='word_1_38' title='bbox 293 551 346 597; x_wconf 84' lang='lat' dir='ltr'>(v.</span> <span class='ocrx_word' id='word_1_39' title='bbox 366 551 513 598; x_wconf 87' lang='lat' dir='ltr'>supra),</span> <span class='ocrx_word' id='word_1_40' title='bbox 542 549 677 586; x_wconf 86' lang='lat' dir='ltr'>Asmai</span> <span class='ocrx_word' id='word_1_41' title='bbox 700 550 751 598; x_wconf 89' lang='lat' dir='ltr'>(p.</span> <span class='ocrx_word' id='word_1_42' title='bbox 775 550 846 597; x_wconf 74' lang='grc' dir='ltr'>ΗἹ),</span> <span class='ocrx_word' id='word_1_43' title='bbox 869 548 943 585; x_wconf 92' lang='lat' dir='ltr'>Ibn</span> <span class='ocrx_word' id='word_1_44' title='bbox 964 546 1137 596; x_wconf 83' lang='lat' dir='ltr'>Moqaffa</span> <span class='ocrx_word' id='word_1_45' title='bbox 1159 548 1210 596; x_wconf 92' lang='lat' dir='ltr'>(p.</span> <span class='ocrx_word' id='word_1_46' title='bbox 1234 543 1325 594; x_wconf 50' lang='lat' dir='ltr'>lfff).</span> <span class='ocrx_word' id='word_1_47' title='bbox 1346 545 1544 595; x_wconf 83' lang='lat' dir='ltr'>Epistolas</span> 
     </span>
    </p>
   </div>
   <div class='ocr_carea' id='block_1_3' title="bbox 103 626 1545 774">
    <p class='ocr_par' dir='ltr' id='par_1_3' title="bbox 103 626 1545 774">
     <span class='ocr_line' id='line_1_7' title="bbox 103 626 1544 694; baseline -0.003 -26"><span class='ocrx_word' id='word_1_48' title='bbox 103 631 270 669; x_wconf 80' lang='lat' dir='ltr'><strong>fratrum</strong></span> <span class='ocrx_word' id='word_1_49' title='bbox 307 631 483 669; x_wconf 88' lang='lat' dir='ltr'>fidelium</span> <span class='ocrx_word' id='word_1_50' title='bbox 523 627 662 679; x_wconf 58' lang='lat' dir='ltr'>(skfimjl</span> <span class='ocrx_word' id='word_1_51' title='bbox 700 628 840 694; x_wconf 44' lang='lat'>0¹75*</span> <span class='ocrx_word' id='word_1_52' title='bbox 873 626 1007 692; x_wconf 44' lang='lat' dir='ltr'>&amp;sl-⁹⁹9)</span> <span class='ocrx_word' id='word_1_53' title='bbox 1041 642 1129 667; x_wconf 89' lang='lat' dir='ltr'>eum</span> <span class='ocrx_word' id='word_1_54' title='bbox 1161 629 1319 666; x_wconf 90' lang='lat' dir='ltr'>novisse</span> <span class='ocrx_word' id='word_1_55' title='bbox 1350 640 1544 677; x_wconf 80' lang='lat' dir='ltr'>nusquam</span> 
     </span>
     <span class='ocr_line' id='line_1_8' title="bbox 105 721 1545 774; baseline -0.003 -13"><span class='ocrx_word' id='word_1_56' title='bbox 105 727 289 774; x_wconf 75' lang='lat' dir='ltr'>apparet,</span> <span class='ocrx_word' id='word_1_57' title='bbox 322 737 559 774; x_wconf 85' lang='lat' dir='ltr'>quamquam</span> <span class='ocrx_word' id='word_1_58' title='bbox 594 724 796 761; x_wconf 81' lang='lat' dir='ltr'>affinitatis</span> <span class='ocrx_word' id='word_1_59' title='bbox 829 723 1033 761; x_wconf 85' lang='lat' dir='ltr'>cuiusdam</span> <span class='ocrx_word' id='word_1_60' title='bbox 1066 723 1167 760; x_wconf 83' lang='lat' dir='ltr'>ratio</span> <span class='ocrx_word' id='word_1_61' title='bbox 1197 723 1302 758; x_wconf 90' lang='lat' dir='ltr'>inter</span> <span class='ocrx_word' id='word_1_62' title='bbox 1323 721 1406 758; x_wconf 86' lang='lat' dir='ltr'>eius</span> <span class='ocrx_word' id='word_1_63' title='bbox 1427 724 1545 770; x_wconf 85' lang='lat' dir='ltr'>atque</span> 
     </span>
    </p>
   </div>
   <div class='ocr_carea' id='block_1_4' title="bbox 102 813 1546 867">
    <p class='ocr_par' dir='ltr' id='par_1_4' title="bbox 102 813 1546 867">
     <span class='ocr_line' id='line_1_9' title="bbox 102 813 1546 867; baseline -0.001 -13"><span class='ocrx_word' id='word_1_64' title='bbox 102 817 268 854; x_wconf 78' lang='lat' dir='ltr'><strong>fratrum</strong></span> <span class='ocrx_word' id='word_1_65' title='bbox 300 817 458 855; x_wconf 89' lang='lat' dir='ltr'>illorum</span> <span class='ocrx_word' id='word_1_66' title='bbox 487 817 762 867; x_wconf 83' lang='lat' dir='ltr'>philosophiae</span> <span class='ocrx_word' id='word_1_67' title='bbox 783 817 1081 866; x_wconf 81' lang='lat' dir='ltr'>dispositionem</span> <span class='ocrx_word' id='word_1_68' title='bbox 1104 814 1331 852; x_wconf 73' lang='lat' dir='ltr'>intercedit.</span> <span class='ocrx_word' id='word_1_69' title='bbox 1353 813 1482 851; x_wconf 83' lang='lat' dir='ltr'>Sectio</span> <span class='ocrx_word' id='word_1_70' title='bbox 1503 814 1546 852; x_wconf 94' lang='lat' dir='ltr'>II</span> 
     </span>
    </p>
   </div>
   <div class='ocr_carea' id='block_1_5' title="bbox 104 910 1547 976">
    <p class='ocr_par' dir='ltr' id='par_1_5' title="bbox 104 910 1547 976">
     <span class='ocr_line' id='line_1_10' title="bbox 104 910 1547 976; baseline -0.003 -12"><span class='ocrx_word' id='word_1_71' title='bbox 104 926 379 964; x_wconf 79' lang='lat' dir='ltr'>arithmeticae</span> <span class='ocrx_word' id='word_1_72' title='bbox 411 939 511 976; x_wconf 85' lang='lat' dir='ltr'>quae</span> <span class='ocrx_word' id='word_1_73' title='bbox 543 926 629 976; x_wconf 84' lang='lat' dir='ltr'>agit</span> <span class='ocrx_word' id='word_1_74' title='bbox 661 926 708 964; x_wconf 89' lang='lat' dir='ltr'>de</span> <span class='ocrx_word' id='word_1_75' title='bbox 741 922 896 966; x_wconf 50' lang='lat' dir='ltr'>aeta-2425</span> <span class='ocrx_word' id='word_1_76' title='bbox 929 910 1057 965; x_wconf 48' lang='lat'>³⁹:5⁴5</span> <span class='ocrx_word' id='word_1_77' title='bbox 1091 925 1225 962; x_wconf 90' lang='lat' dir='ltr'>nescio</span> <span class='ocrx_word' id='word_1_78' title='bbox 1259 936 1309 960; x_wconf 84' lang='lat' dir='ltr'>an</span> <span class='ocrx_word' id='word_1_79' title='bbox 1342 923 1547 973; x_wconf 83' lang='lat' dir='ltr'>desumpta</span> 
     </span>
    </p>
   </div>
   <div class='ocr_carea' id='block_1_6' title="bbox 105 1017 1559 2306">
    <p class='ocr_par' dir='ltr' id='par_1_6' title="bbox 105 1017 1548 1360">
     <span class='ocr_line' id='line_1_11' title="bbox 105 1017 1546 1069; baseline -0.002 -13"><span class='ocrx_word' id='word_1_80' title='bbox 105 1019 157 1056; x_wconf 89' lang='lat' dir='ltr'>sit</span> <span class='ocrx_word' id='word_1_81' title='bbox 196 1031 216 1056; x_wconf 90' lang='lat' dir='ltr'>e</span> <span class='ocrx_word' id='word_1_82' title='bbox 252 1019 388 1057; x_wconf 91' lang='lat' dir='ltr'>libello</span> <span class='ocrx_word' id='word_1_83' title='bbox 421 1020 554 1069; x_wconf 76' lang='lat' dir='ltr'>Jaqub</span> <span class='ocrx_word' id='word_1_84' title='bbox 582 1020 772 1057; x_wconf 84' lang='lat' dir='ltr'>Kinditae</span> <span class='ocrx_word' id='word_1_85' title='bbox 802 1020 870 1069; x_wconf 89' lang='lat' dir='ltr'>qui</span> <span class='ocrx_word' id='word_1_86' title='bbox 902 1019 1066 1056; x_wconf 82' lang='lat' dir='ltr'>eandem</span> <span class='ocrx_word' id='word_1_87' title='bbox 1099 1018 1306 1056; x_wconf 85' lang='lat' dir='ltr'>materiam</span> <span class='ocrx_word' id='word_1_88' title='bbox 1338 1017 1546 1064; x_wconf 80' lang='lat' dir='ltr'>tractavit3</span> 
     </span>
     <span class='ocr_line' id='line_1_12' title="bbox 106 1090 1548 1142; baseline -0.002 -13"><span class='ocrx_word' id='word_1_89' title='bbox 106 1105 142 1129; x_wconf 85' lang='lat' dir='ltr'>v.</span> <span class='ocrx_word' id='word_1_90' title='bbox 175 1092 333 1129; x_wconf 70' lang='lat' dir='ltr'>Fz&#39;hrist</span> <span class='ocrx_word' id='word_1_91' title='bbox 366 1092 442 1139; x_wconf 89' lang='lat' dir='ltr'>(ed.</span> <span class='ocrx_word' id='word_1_92' title='bbox 476 1092 637 1142; x_wconf 84' lang='lat' dir='ltr'>Fliigel)</span> <span class='ocrx_word' id='word_1_93' title='bbox 660 1106 695 1142; x_wconf 89' lang='lat' dir='ltr'>p.</span> <span class='ocrx_word' id='word_1_94' title='bbox 718 1094 804 1141; x_wconf 79' lang='lat'><strong>206,</strong></span> <span class='ocrx_word' id='word_1_95' title='bbox 830 1094 887 1129; x_wconf 88' lang='grc'>12.</span> <span class='ocrx_word' id='word_1_96' title='bbox 910 1092 1162 1139; x_wconf 64' lang='lat' dir='ltr'>Bebrdhorii,</span> <span class='ocrx_word' id='word_1_97' title='bbox 1182 1090 1366 1138; x_wconf 75' lang='lat' dir='ltr'>Masfidii,</span> <span class='ocrx_word' id='word_1_98' title='bbox 1388 1090 1548 1127; x_wconf 81' lang='lat' dir='ltr'>Tabarii</span> 
     </span>
     <span class='ocr_line' id='line_1_13' title="bbox 105 1162 1545 1214; baseline -0.002 -12"><span class='ocrx_word' id='word_1_99' title='bbox 105 1164 273 1202; x_wconf 87' lang='lat' dir='ltr'>aliorum</span> <span class='ocrx_word' id='word_1_100' title='bbox 309 1177 429 1214; x_wconf 86' lang='lat' dir='ltr'>opera</span> <span class='ocrx_word' id='word_1_101' title='bbox 466 1177 555 1202; x_wconf 89' lang='lat' dir='ltr'>eum</span> <span class='ocrx_word' id='word_1_102' title='bbox 594 1166 829 1214; x_wconf 83' lang='lat' dir='ltr'>cognovisse</span> <span class='ocrx_word' id='word_1_103' title='bbox 868 1165 974 1202; x_wconf 84' lang='lat' dir='ltr'>haud</span> <span class='ocrx_word' id='word_1_104' title='bbox 1012 1177 1082 1214; x_wconf 91' lang='lat' dir='ltr'>pro</span> <span class='ocrx_word' id='word_1_105' title='bbox 1116 1167 1223 1202; x_wconf 89' lang='lat' dir='ltr'>certo</span> <span class='ocrx_word' id='word_1_106' title='bbox 1258 1162 1545 1200; x_wconf 82' lang='lat' dir='ltr'>affirmaverim.</span> 
     </span>
     <span class='ocr_line' id='line_1_14' title="bbox 105 1236 1548 1300; baseline -0.002 -25"><span class='ocrx_word' id='word_1_107' title='bbox 105 1237 355 1275; x_wconf 79' lang='lat' dir='ltr'>Persicorum</span> <span class='ocrx_word' id='word_1_108' title='bbox 384 1240 424 1274; x_wconf 88' lang='lat' dir='ltr'>et</span> <span class='ocrx_word' id='word_1_109' title='bbox 444 1238 741 1300; x_wconf 34' lang='lat' dir='ltr'>Jemenesnsium</span> <span class='ocrx_word' id='word_1_110' title='bbox 762 1250 901 1287; x_wconf 83' lang='lat' dir='ltr'>regum</span> <span class='ocrx_word' id='word_1_111' title='bbox 922 1238 1128 1287; x_wconf 81' lang='lat' dir='ltr'>catalogus</span> <span class='ocrx_word' id='word_1_112' title='bbox 1150 1237 1233 1274; x_wconf 88' lang='lat' dir='ltr'>eius</span> <span class='ocrx_word' id='word_1_113' title='bbox 1255 1248 1375 1286; x_wconf 86' lang='lat' dir='ltr'>prope</span> <span class='ocrx_word' id='word_1_114' title='bbox 1395 1236 1548 1273; x_wconf 84' lang='lat' dir='ltr'>accedit</span> 
     </span>
     <span class='ocr_line' id='line_1_15' title="bbox 105 1309 1272 1360; baseline -0.002 -12"><span class='ocrx_word' id='word_1_115' title='bbox 105 1309 155 1348; x_wconf 87' lang='lat' dir='ltr'>ad</span> <span class='ocrx_word' id='word_1_116' title='bbox 187 1310 361 1347; x_wconf 87' lang='lat' dir='ltr'>Hamzae</span> <span class='ocrx_word' id='word_1_117' title='bbox 393 1310 698 1360; x_wconf 81' lang='lat' dir='ltr'>Ispahanensis,</span> <span class='ocrx_word' id='word_1_118' title='bbox 732 1311 851 1348; x_wconf 89' lang='lat' dir='ltr'>etiam</span> <span class='ocrx_word' id='word_1_119' title='bbox 884 1311 923 1348; x_wconf 92' lang='lat' dir='ltr'>in</span> <span class='ocrx_word' id='word_1_120' title='bbox 957 1310 1272 1360; x_wconf 86' lang='lat' dir='ltr'>cognominibus.</span> 
     </span>
    </p>

    <p class='ocr_par' dir='ltr' id='par_1_7' title="bbox 108 1381 1549 1506">
     <span class='ocr_line' id='line_1_16' title="bbox 179 1381 1549 1434; baseline -0.001 -14"><span class='ocrx_word' id='word_1_121' title='bbox 179 1382 294 1427; x_wconf 85' lang='lat' dir='ltr'>Quod</span> <span class='ocrx_word' id='word_1_122' title='bbox 325 1383 401 1420; x_wconf 88' lang='lat' dir='ltr'>sibi</span> <span class='ocrx_word' id='word_1_123' title='bbox 432 1384 673 1434; x_wconf 89' lang='lat' dir='ltr'>propositum</span> <span class='ocrx_word' id='word_1_124' title='bbox 709 1384 883 1420; x_wconf 85' lang='lat' dir='ltr'>habebat</span> <span class='ocrx_word' id='word_1_125' title='bbox 916 1386 961 1420; x_wconf 92' lang='lat' dir='ltr'>ut</span> <span class='ocrx_word' id='word_1_126' title='bbox 999 1383 1116 1420; x_wconf 80' lang='lat' dir='ltr'>utilia</span> <span class='ocrx_word' id='word_1_127' title='bbox 1150 1381 1423 1419; x_wconf 83' lang='lat' dir='ltr'>tantummodo</span> <span class='ocrx_word' id='word_1_128' title='bbox 1462 1393 1549 1419; x_wconf 88' lang='lat' dir='ltr'>suc-</span> 
     </span>
     <span class='ocr_line' id='line_1_17' title="bbox 108 1456 870 1506; baseline -0.001 -13"><span class='ocrx_word' id='word_1_129' title='bbox 108 1456 237 1493; x_wconf 87' lang='lat' dir='ltr'>cincte</span> <span class='ocrx_word' id='word_1_130' title='bbox 276 1456 492 1506; x_wconf 85' lang='lat' dir='ltr'>proferret,</span> <span class='ocrx_word' id='word_1_131' title='bbox 526 1457 672 1506; x_wconf 87' lang='lat' dir='ltr'>optime</span> <span class='ocrx_word' id='word_1_132' title='bbox 704 1456 870 1506; x_wconf 83' lang='lat' dir='ltr'>peregit.</span> 
     </span>
    </p>

    <p class='ocr_par' dir='ltr' id='par_1_8' title="bbox 107 1528 1557 2161">
     <span class='ocr_line' id='line_1_18' title="bbox 180 1528 1551 1579; baseline -0.001 -14"><span class='ocrx_word' id='word_1_133' title='bbox 180 1528 310 1566; x_wconf 83' lang='lat' dir='ltr'>Tanta</span> <span class='ocrx_word' id='word_1_134' title='bbox 353 1531 412 1566; x_wconf 88' lang='lat' dir='ltr'>est</span> <span class='ocrx_word' id='word_1_135' title='bbox 455 1529 496 1566; x_wconf 94' lang='lat' dir='ltr'>in</span> <span class='ocrx_word' id='word_1_136' title='bbox 540 1529 614 1567; x_wconf 90' lang='lat' dir='ltr'>hoc</span> <span class='ocrx_word' id='word_1_137' title='bbox 659 1542 776 1579; x_wconf 90' lang='lat' dir='ltr'>opere</span> <span class='ocrx_word' id='word_1_138' title='bbox 813 1528 1048 1566; x_wconf 83' lang='lat' dir='ltr'>elocutionis</span> <span class='ocrx_word' id='word_1_139' title='bbox 1088 1528 1302 1577; x_wconf 81' lang='lat' dir='ltr'>sobrietas,</span> <span class='ocrx_word' id='word_1_140' title='bbox 1336 1530 1551 1577; x_wconf 83' lang='lat' dir='ltr'>tantusque</span> 
     </span>
     <span class='ocr_line' id='line_1_19' title="bbox 108 1601 1549 1651; baseline -0.001 -13"><span class='ocrx_word' id='word_1_141' title='bbox 108 1601 255 1650; x_wconf 90' lang='lat' dir='ltr'>ubique</span> <span class='ocrx_word' id='word_1_142' title='bbox 287 1603 346 1639; x_wconf 91' lang='lat' dir='ltr'>est</span> <span class='ocrx_word' id='word_1_143' title='bbox 366 1602 461 1639; x_wconf 90' lang='lat' dir='ltr'>ordo</span> <span class='ocrx_word' id='word_1_144' title='bbox 482 1602 523 1638; x_wconf 92' lang='lat' dir='ltr'>in</span> <span class='ocrx_word' id='word_1_145' title='bbox 543 1602 762 1651; x_wconf 83' lang='lat' dir='ltr'>digerenda</span> <span class='ocrx_word' id='word_1_146' title='bbox 781 1602 971 1650; x_wconf 86' lang='lat' dir='ltr'>materia,</span> <span class='ocrx_word' id='word_1_147' title='bbox 994 1604 1165 1651; x_wconf 85' lang='lat' dir='ltr'>quantus</span> <span class='ocrx_word' id='word_1_148' title='bbox 1184 1601 1385 1638; x_wconf 85' lang='lat' dir='ltr'>rarissime</span> <span class='ocrx_word' id='word_1_149' title='bbox 1406 1601 1445 1637; x_wconf 92' lang='lat' dir='ltr'>in</span> <span class='ocrx_word' id='word_1_150' title='bbox 1467 1613 1549 1637; x_wconf 81' lang='lat' dir='ltr'>ara-</span> 
     </span>
     <span class='ocr_line' id='line_1_20' title="bbox 107 1673 1551 1724; baseline -0.001 -13"><span class='ocrx_word' id='word_1_151' title='bbox 107 1673 208 1712; x_wconf 87' lang='lat' dir='ltr'>bicis</span> <span class='ocrx_word' id='word_1_152' title='bbox 240 1674 497 1724; x_wconf 84' lang='lat' dir='ltr'>scriptoribus</span> <span class='ocrx_word' id='word_1_153' title='bbox 528 1675 744 1712; x_wconf 80' lang='lat' dir='ltr'>invenitur.</span> <span class='ocrx_word' id='word_1_154' title='bbox 776 1675 964 1719; x_wconf 84' lang='lat' dir='ltr'>Quamvis</span> <span class='ocrx_word' id='word_1_155' title='bbox 994 1675 1220 1712; x_wconf 88' lang='lat' dir='ltr'>succinctus</span> <span class='ocrx_word' id='word_1_156' title='bbox 1241 1675 1292 1711; x_wconf 87' lang='lat' dir='ltr'>sit</span> <span class='ocrx_word' id='word_1_157' title='bbox 1310 1674 1431 1723; x_wconf 86' lang='lat' dir='ltr'>liber,</span> <span class='ocrx_word' id='word_1_158' title='bbox 1454 1673 1551 1711; x_wconf 85' lang='lat' dir='ltr'>adeo</span> 
     </span>
     <span class='ocr_line' id='line_1_21' title="bbox 109 1747 1552 1798; baseline -0.001 -15"><span class='ocrx_word' id='word_1_159' title='bbox 109 1749 242 1784; x_wconf 86' lang='lat' dir='ltr'>tamen</span> <span class='ocrx_word' id='word_1_160' title='bbox 281 1750 340 1784; x_wconf 89' lang='lat' dir='ltr'>est</span> <span class='ocrx_word' id='word_1_161' title='bbox 376 1748 575 1797; x_wconf 83' lang='lat' dir='ltr'>perfectus</span> <span class='ocrx_word' id='word_1_162' title='bbox 613 1752 652 1785; x_wconf 92' lang='lat' dir='ltr'>et</span> <span class='ocrx_word' id='word_1_163' title='bbox 689 1748 914 1797; x_wconf 81' lang='lat' dir='ltr'>absolutus,</span> <span class='ocrx_word' id='word_1_164' title='bbox 950 1750 993 1784; x_wconf 94' lang='lat' dir='ltr'>ut</span> <span class='ocrx_word' id='word_1_165' title='bbox 1032 1747 1264 1798; x_wconf 86' lang='lat' dir='ltr'>scriptorem</span> <span class='ocrx_word' id='word_1_166' title='bbox 1308 1759 1387 1784; x_wconf 89' lang='lat' dir='ltr'>non</span> <span class='ocrx_word' id='word_1_167' title='bbox 1426 1747 1552 1784; x_wconf 84' lang='lat' dir='ltr'>solum</span> 
     </span>
     <span class='ocr_line' id='line_1_22' title="bbox 109 1819 1553 1871; baseline 0 -15"><span class='ocrx_word' id='word_1_168' title='bbox 109 1819 391 1857; x_wconf 84' lang='lat' dir='ltr'>vocabulorum</span> <span class='ocrx_word' id='word_1_169' title='bbox 429 1821 580 1858; x_wconf 89' lang='lat' dir='ltr'>indices</span> <span class='ocrx_word' id='word_1_170' title='bbox 615 1821 684 1858; x_wconf 89' lang='lat' dir='ltr'>sed</span> <span class='ocrx_word' id='word_1_171' title='bbox 717 1822 822 1871; x_wconf 92' lang='lat' dir='ltr'>ipsos</span> <span class='ocrx_word' id='word_1_172' title='bbox 855 1821 1155 1870; x_wconf 85' lang='lat' dir='ltr'>disciplinarum</span> <span class='ocrx_word' id='word_1_173' title='bbox 1187 1819 1392 1858; x_wconf 87' lang='lat' dir='ltr'>technicos</span> <span class='ocrx_word' id='word_1_174' title='bbox 1431 1820 1553 1856; x_wconf 89' lang='lat' dir='ltr'>libros</span> 
     </span>
     <span class='ocr_line' id='line_1_23' title="bbox 112 1893 1556 1944; baseline -0.001 -15"><span class='ocrx_word' id='word_1_175' title='bbox 112 1893 357 1930; x_wconf 88' lang='lat' dir='ltr'>consuluisse</span> <span class='ocrx_word' id='word_1_176' title='bbox 395 1894 510 1931; x_wconf 91' lang='lat' dir='ltr'>nobis</span> <span class='ocrx_word' id='word_1_177' title='bbox 547 1906 778 1944; x_wconf 84' lang='lat' dir='ltr'>persuasum</span> <span class='ocrx_word' id='word_1_178' title='bbox 810 1894 874 1932; x_wconf 87' lang='lat' dir='ltr'>sit.</span> <span class='ocrx_word' id='word_1_179' title='bbox 918 1893 1186 1942; x_wconf 83' lang='lat' dir='ltr'>Dignissimae</span> <span class='ocrx_word' id='word_1_180' title='bbox 1230 1905 1332 1943; x_wconf 85' lang='lat' dir='ltr'>quae</span> <span class='ocrx_word' id='word_1_181' title='bbox 1368 1893 1556 1941; x_wconf 86' lang='lat' dir='ltr'>legantur</span> 
     </span>
     <span class='ocr_line' id='line_1_24' title="bbox 111 1965 1556 2016; baseline -0.001 -14"><span class='ocrx_word' id='word_1_182' title='bbox 111 1967 204 2003; x_wconf 84' lang='lat' dir='ltr'>sunt</span> <span class='ocrx_word' id='word_1_183' title='bbox 241 1966 438 2003; x_wconf 84' lang='lat' dir='ltr'>sectiones</span> <span class='ocrx_word' id='word_1_184' title='bbox 476 1967 524 2004; x_wconf 93' lang='lat' dir='ltr'>de</span> <span class='ocrx_word' id='word_1_185' title='bbox 556 1966 799 2004; x_wconf 89' lang='lat' dir='ltr'>medicorum</span> <span class='ocrx_word' id='word_1_186' title='bbox 830 1966 1093 2016; x_wconf 80' lang='lat' dir='ltr'>ponderibus,</span> <span class='ocrx_word' id='word_1_187' title='bbox 1128 1966 1176 2003; x_wconf 92' lang='lat' dir='ltr'>de</span> <span class='ocrx_word' id='word_1_188' title='bbox 1210 1978 1401 2016; x_wconf 83' lang='lat' dir='ltr'>aquarum</span> <span class='ocrx_word' id='word_1_189' title='bbox 1433 1965 1556 2002; x_wconf 80' lang='lat' dir='ltr'>admi-</span> 
     </span>
     <span class='ocr_line' id='line_1_25' title="bbox 110 2037 1557 2089; baseline 0.001 -15"><span class='ocrx_word' id='word_1_190' title='bbox 110 2037 367 2088; x_wconf 84' lang='lat' dir='ltr'>nistratione,</span> <span class='ocrx_word' id='word_1_191' title='bbox 400 2051 555 2077; x_wconf 89' lang='lat' dir='ltr'>necnon</span> <span class='ocrx_word' id='word_1_192' title='bbox 588 2040 719 2089; x_wconf 80' lang='lat' dir='ltr'>capita</span> <span class='ocrx_word' id='word_1_193' title='bbox 751 2039 799 2077; x_wconf 93' lang='lat' dir='ltr'>de</span> <span class='ocrx_word' id='word_1_194' title='bbox 831 2039 1183 2088; x_wconf 81' lang='lat' dir='ltr'>medicaminibus,</span> <span class='ocrx_word' id='word_1_195' title='bbox 1215 2039 1263 2076; x_wconf 88' lang='lat' dir='ltr'>de</span> <span class='ocrx_word' id='word_1_196' title='bbox 1301 2039 1474 2088; x_wconf 85' lang='lat' dir='ltr'>musica,</span> <span class='ocrx_word' id='word_1_197' title='bbox 1510 2038 1557 2075; x_wconf 91' lang='lat' dir='ltr'>de</span> 
     </span>
     <span class='ocr_line' id='line_1_26' title="bbox 111 2108 660 2161; baseline 0.004 -13"><span class='ocrx_word' id='word_1_198' title='bbox 111 2111 344 2148; x_wconf 85' lang='lat' dir='ltr'>mechanica</span> <span class='ocrx_word' id='word_1_199' title='bbox 376 2108 552 2161; x_wconf 37' lang='lat' dir='ltr'>(kl-5563)</span> <span class='ocrx_word' id='word_1_200' title='bbox 586 2114 660 2150; x_wconf 82' lang='lat' dir='ltr'>etc.</span> 
     </span>
    </p>

    <p class='ocr_par' dir='ltr' id='par_1_9' title="bbox 113 2184 1559 2306">
     <span class='ocr_line' id='line_1_27' title="bbox 183 2184 1559 2234; baseline -0.001 -13"><span class='ocrx_word' id='word_1_201' title='bbox 183 2184 349 2222; x_wconf 83' lang='lat' dir='ltr'>Praeter</span> <span class='ocrx_word' id='word_1_202' title='bbox 380 2185 556 2223; x_wconf 85' lang='lat' dir='ltr'>codicem</span> <span class='ocrx_word' id='word_1_203' title='bbox 589 2185 825 2223; x_wconf 89' lang='lat' dir='ltr'>Leidensem</span> <span class='ocrx_word' id='word_1_204' title='bbox 860 2185 928 2234; x_wconf 82' lang='lat' dir='ltr'>(A)</span> <span class='ocrx_word' id='word_1_205' title='bbox 962 2187 1133 2234; x_wconf 85' lang='lat' dir='ltr'>quatuor</span> <span class='ocrx_word' id='word_1_206' title='bbox 1165 2196 1259 2222; x_wconf 90' lang='lat' dir='ltr'>usus</span> <span class='ocrx_word' id='word_1_207' title='bbox 1289 2197 1375 2221; x_wconf 89' lang='lat' dir='ltr'>sum</span> <span class='ocrx_word' id='word_1_208' title='bbox 1402 2196 1559 2220; x_wconf 87' lang='lat' dir='ltr'>manus-</span> 
     </span>
     <span class='ocr_line' id='line_1_28' title="bbox 113 2256 1288 2306; baseline 0.002 -13"><span class='ocrx_word' id='word_1_209' title='bbox 113 2256 327 2306; x_wconf 88' lang='lat' dir='ltr'>criptorum</span> <span class='ocrx_word' id='word_1_210' title='bbox 361 2256 642 2297; x_wconf 80' lang='lat' dir='ltr'>collationibus</span> <span class='ocrx_word' id='word_1_211' title='bbox 674 2258 724 2295; x_wconf 87' lang='lat' dir='ltr'>ad</span> <span class='ocrx_word' id='word_1_212' title='bbox 759 2260 917 2295; x_wconf 78' lang='lat' dir='ltr'>textum</span> <span class='ocrx_word' id='word_1_213' title='bbox 951 2257 1288 2295; x_wconf 87' lang='lat' dir='ltr'>constituendum.</span> 
     </span>
    </p>
   </div>
   <div class='ocr_carea' id='block_1_7' title="bbox 329 2350 1206 2608">
    <p class='ocr_par' dir='ltr' id='par_1_10' title="bbox 330 2350 1206 2473">
     <span class='ocr_line' id='line_1_29' title="bbox 330 2350 1206 2390; baseline 0.001 -2"><span class='ocrx_word' id='word_1_214' title='bbox 330 2350 362 2387; x_wconf 89' lang='lat' dir='ltr'>B</span> <span class='ocrx_word' id='word_1_215' title='bbox 402 2350 496 2388; x_wconf 81' lang='lat' dir='ltr'>Cod.</span> <span class='ocrx_word' id='word_1_216' title='bbox 528 2351 629 2388; x_wconf 85' lang='lat' dir='ltr'>Mus.</span> <span class='ocrx_word' id='word_1_217' title='bbox 664 2351 782 2390; x_wconf 89' lang='lat' dir='ltr'>Britt.</span> <span class='ocrx_word' id='word_1_218' title='bbox 815 2351 919 2388; x_wconf 85' lang='lat' dir='ltr'>Add.</span> <span class='ocrx_word' id='word_1_219' title='bbox 955 2353 1055 2389; x_wconf 83' lang='lat'>7528</span> <span class='ocrx_word' id='word_1_220' title='bbox 1089 2351 1206 2389; x_wconf 86' lang='lat' dir='ltr'>Rich.</span> 
     </span>
     <span class='ocr_line' id='line_1_30' title="bbox 330 2422 1091 2473; baseline 0.001 -13"><span class='ocrx_word' id='word_1_221' title='bbox 330 2422 359 2460; x_wconf 84' lang='lat' dir='ltr'>O</span> <span class='ocrx_word' id='word_1_222' title='bbox 400 2423 496 2461; x_wconf 82' lang='lat' dir='ltr'>Ood.</span> <span class='ocrx_word' id='word_1_223' title='bbox 529 2423 629 2462; x_wconf 86' lang='lat' dir='ltr'>Mus.</span> <span class='ocrx_word' id='word_1_224' title='bbox 662 2424 780 2460; x_wconf 88' lang='lat' dir='ltr'>Britt.</span> <span class='ocrx_word' id='word_1_225' title='bbox 813 2424 916 2461; x_wconf 84' lang='lat' dir='ltr'>Add.</span> <span class='ocrx_word' id='word_1_226' title='bbox 951 2425 1091 2473; x_wconf 80' lang='lat'>23,429</span> 
     </span>
    </p>

    <p class='ocr_par' dir='ltr' id='par_1_11' title="bbox 329 2495 1006 2546">
     <span class='ocr_line' id='line_1_31' title="bbox 329 2495 1006 2546; baseline 0.001 -13"><span class='ocrx_word' id='word_1_227' title='bbox 329 2496 365 2533; x_wconf 92' lang='lat' dir='ltr'>D</span> <span class='ocrx_word' id='word_1_228' title='bbox 398 2495 494 2534; x_wconf 82' lang='lat' dir='ltr'>cod.</span> <span class='ocrx_word' id='word_1_229' title='bbox 526 2496 656 2534; x_wconf 88' lang='lat' dir='ltr'>Berol.</span> <span class='ocrx_word' id='word_1_230' title='bbox 689 2496 875 2546; x_wconf 85' lang='lat' dir='ltr'>(Landb.)</span> <span class='ocrx_word' id='word_1_231' title='bbox 911 2498 1006 2534; x_wconf 85' lang='lat'>1051</span> 
     </span>
    </p>

    <p class='ocr_par' dir='ltr' id='par_1_12' title="bbox 330 2568 1199 2608">
     <span class='ocr_line' id='line_1_32' title="bbox 330 2568 1199 2608; baseline 0.003 -3"><span class='ocrx_word' id='word_1_232' title='bbox 330 2569 364 2605; x_wconf 87' lang='lat' dir='ltr'><strong>E</strong></span> <span class='ocrx_word' id='word_1_233' title='bbox 397 2568 491 2606; x_wconf 82' lang='lat' dir='ltr'>Cod.</span> <span class='ocrx_word' id='word_1_234' title='bbox 526 2569 625 2606; x_wconf 83' lang='lat' dir='ltr'>Mus.</span> <span class='ocrx_word' id='word_1_235' title='bbox 662 2569 780 2608; x_wconf 87' lang='lat' dir='ltr'>Britt.</span> <span class='ocrx_word' id='word_1_236' title='bbox 812 2569 915 2607; x_wconf 90' lang='lat' dir='ltr'>Add.</span> <span class='ocrx_word' id='word_1_237' title='bbox 950 2569 1053 2607; x_wconf 80' lang='lat'>2524</span> <span class='ocrx_word' id='word_1_238' title='bbox 1085 2570 1199 2608; x_wconf 87' lang='lat' dir='ltr'>Rich.</span> 
     </span>
    </p>
   </div>
   <div class='ocr_carea' id='block_1_8' title="bbox 116 2660 1557 2784">
    <p class='ocr_par' dir='ltr' id='par_1_13' title="bbox 116 2660 1557 2784">
     <span class='ocr_line' id='line_1_33' title="bbox 187 2660 1557 2700; baseline 0 0"><span class='ocrx_word' id='word_1_239' title='bbox 187 2660 326 2700; x_wconf 83' lang='lat' dir='ltr'>Codex</span> <span class='ocrx_word' id='word_1_240' title='bbox 371 2661 580 2699; x_wconf 86' lang='lat' dir='ltr'>Leidensis</span> <span class='ocrx_word' id='word_1_241' title='bbox 620 2674 709 2699; x_wconf 85' lang='lat' dir='ltr'>cum</span> <span class='ocrx_word' id='word_1_242' title='bbox 748 2661 883 2699; x_wconf 81' lang='lat' dir='ltr'>BOE</span> <span class='ocrx_word' id='word_1_243' title='bbox 921 2662 1000 2699; x_wconf 85' lang='lat' dir='ltr'>iam</span> <span class='ocrx_word' id='word_1_244' title='bbox 1036 2663 1204 2700; x_wconf 86' lang='lat' dir='ltr'>collatus</span> <span class='ocrx_word' id='word_1_245' title='bbox 1243 2666 1329 2700; x_wconf 85' lang='lat' dir='ltr'>erat</span> <span class='ocrx_word' id='word_1_246' title='bbox 1366 2675 1389 2699; x_wconf 88' lang='lat' dir='ltr'>a</span> <span class='ocrx_word' id='word_1_247' title='bbox 1419 2663 1467 2700; x_wconf 88' lang='lat' dir='ltr'>V.</span> <span class='ocrx_word' id='word_1_248' title='bbox 1500 2663 1557 2700; x_wconf 83' lang='lat' dir='ltr'>Ol.</span> 
     </span>
     <span class='ocr_line' id='line_1_34' title="bbox 116 2733 1557 2784; baseline 0 -12"><span class='ocrx_word' id='word_1_249' title='bbox 116 2733 160 2772; x_wconf 81' lang='lat' dir='ltr'>O.</span> <span class='ocrx_word' id='word_1_250' title='bbox 198 2733 358 2772; x_wconf 88' lang='lat' dir='ltr'>Snouck</span> <span class='ocrx_word' id='word_1_251' title='bbox 396 2734 648 2784; x_wconf 88' lang='lat' dir='ltr'>Hurgronje,</span> <span class='ocrx_word' id='word_1_252' title='bbox 689 2746 778 2772; x_wconf 90' lang='lat' dir='ltr'>cum</span> <span class='ocrx_word' id='word_1_253' title='bbox 817 2735 1067 2773; x_wconf 87' lang='lat' dir='ltr'>Berolinensi</span> <span class='ocrx_word' id='word_1_254' title='bbox 1101 2748 1123 2772; x_wconf 88' lang='lat' dir='ltr'><strong>a</strong></span> <span class='ocrx_word' id='word_1_255' title='bbox 1154 2736 1202 2774; x_wconf 88' lang='lat' dir='ltr'>V.</span> <span class='ocrx_word' id='word_1_256' title='bbox 1237 2736 1296 2774; x_wconf 80' lang='lat' dir='ltr'>Ol.</span> <span class='ocrx_word' id='word_1_257' title='bbox 1328 2736 1376 2773; x_wconf 91' lang='lat' dir='ltr'>de</span> <span class='ocrx_word' id='word_1_258' title='bbox 1410 2735 1557 2784; x_wconf 79' lang='lat' dir='ltr'>Goeje3</span> 
     </span>
    </p>
   </div>
  </div>
 </body>
</html>
